@book{borceux_1994,
	place={Cambridge},
	series={Encyclopedia of Mathematics and its Applications},
	title={Handbook of Categorical Algebra},
	volume={1},
	DOI={10.1017/CBO9780511525858},
	publisher={Cambridge University Press},
	author={Borceux, Francis},
	year={1994},
	collection={Encyclopedia of Mathematics and its Applications}
}
