
@book{dummit_abstract_2004,
	edition = {Third},
	title = {Abstract Algebra},
	isbn = {0-471-43334-9},
	publisher = {John Wiley \& Sons, Inc.},
	author = {Dummit, David and Foote, Richard},
	date = {2004},
	year = {2004},
	file = {Dummit and Foote - 2004 - Abstract Algebra.pdf:/Users/ssyl55/Zotero/storage/4WADU4Q3/Dummit and Foote - 2004 - Abstract Algebra.pdf:application/pdf}
}
