@book{leinster_basic_2014,
	address = {Cambridge, United Kingdom},
	series = {Cambridge Studies in Advanced Mathematics},
	title = {Basic Category Theory},
	isbn = {978-1-107-04424-1},
	abstract = {"At the heart of this short introduction to category theory is the idea of a universal property, important throughout mathematics. After an introductory chapter giving the basic definitions, separate chapters explain three ways of expressing universal properties: via adjoint functors, representable functors, and limits. A final chapter ties all three together."--},
	language = {en},
	publisher = {Cambridge University Press},
	author = {Leinster, Tom},
	year = {2014},
	keywords = {Categories (Mathematics)},
	file = {Leinster - 2014 - Basic category theory.pdf:files/292/Leinster - 2014 - Basic category theory.pdf:application/pdf}
}
