
@book{leinster_basic_2014,
	address = {Cambridge, United Kingdom},
	series = {Cambridge studies in advanced mathematics},
	title = {Basic category theory},
	isbn = {978-1-107-04424-1},
	abstract = {"At the heart of this short introduction to category theory is the idea of a universal property, important throughout mathematics. After an introductory chapter giving the basic definitions, separate chapters explain three ways of expressing universal properties: via adjoint functors, representable functors, and limits. A final chapter ties all three together."--},
	language = {en},
	number = {143},
	publisher = {Cambridge University Press},
	author = {Leinster, Tom},
	year = {2014},
	note = {OCLC: ocn879601881},
	keywords = {Categories (Mathematics)},
	file = {Leinster - 2014 - Basic category theory.pdf:files/292/Leinster - 2014 - Basic category theory.pdf:application/pdf}
}

@article{riehl_category_nodate,
	title = {Category {Theory} in {Context}},
	language = {en},
	author = {Riehl, Emily},
	pages = {258},
	file = {Riehl - Category Theory in Context.pdf:files/294/Riehl - Category Theory in Context.pdf:application/pdf}
}